<?xml version="1.0" encoding="UTF-8"?><collection xmlns="http://www.loc.gov/MARC21/slim"><record><leader>00366nam--2200133-i-4500</leader><controlfield tag="001">000041774</controlfield><controlfield tag="002">20161230</controlfield><controlfield tag="005">20161230201043</controlfield><controlfield tag="008">060222s1000------------r-----000-0-eng-d</controlfield><datafield ind1=" " ind2=" " tag="100"><subfield code="a">Sittig, Marshall</subfield></datafield><datafield ind1=" " ind2=" " tag="245"><subfield code="a">Sodium. its manufacture, properties and use</subfield></datafield><datafield ind1=" " ind2=" " tag="260"><subfield code="a">New York, Reinhold Publ.Corporation,1956. Viii+529 P</subfield></datafield><datafield ind1=" " ind2=" " tag="490"><subfield code="a">Monograph Series</subfield></datafield><datafield ind1=" " ind2=" " tag="852"><subfield code="a">17004</subfield></datafield></record></collection>